<?xml version="1.0" encoding="UTF-8"?><collection xmlns="http://www.loc.gov/MARC21/slim"><record><leader>00523nam--2200181-i-4500</leader><controlfield tag="001">000003458</controlfield><controlfield tag="002">20161230</controlfield><controlfield tag="005">20161230201025</controlfield><controlfield tag="008">060222s1000------------r-----000-0-rum-d</controlfield><datafield ind1=" " ind2=" " tag="040"><subfield code="a">IFIN-HH</subfield></datafield><datafield ind1=" " ind2=" " tag="041"><subfield code="a">rum</subfield></datafield><datafield ind1=" " ind2=" " tag="080"><subfield code="a">681.41.07</subfield></datafield><datafield ind1="1" ind2=" " tag="100"><subfield code="a">Picht, Johannes</subfield></datafield><datafield ind1="1" ind2="0" tag="245"><subfield code="a">Metode de masurare si control a produselor optice</subfield><subfield code="b">Vol. I. Traducere din limba germana</subfield><subfield code="c">Johannes Picht</subfield></datafield><datafield ind1=" " ind2=" " tag="260"><subfield code="a">Bucuresti</subfield><subfield code="b">Institutul de Documentare Tehnica</subfield><subfield code="c">1958</subfield></datafield><datafield ind1=" " ind2=" " tag="300"><subfield code="a">196 p</subfield></datafield><datafield ind1=" " ind2=" " tag="852"><subfield code="a">5477</subfield><subfield code="c">535</subfield></datafield><datafield ind1=" " ind2=" " tag="CAT"><subfield code="a">Sys</subfield><subfield code="c">20101015</subfield><subfield code="h">124855</subfield></datafield></record></collection>